@book{book1,
  title     = {中国电子商务报告(2021)},
  author    = {中华人民共和国商务部电子商务和信息化司},
  publisher = {中国商务出版社},
  address   = {北京},
  year      = {2022},
  pages     = {2--7}
}

@book{book2,
  title     = {《2020-2026年中国服装纺织电子商务行业市场需求潜力及战略咨询研究报告》},
  author    = {智研咨询},
  publisher = {中国产业信息网},
  address   = {北京},
  year      = {2020},
  pages     = {546--579}
}

@book{book3,
  title     = {Knowledge vault:a web-scale approach to probabilistic knowledge fusion},
  author    = {Dong, X and Gabrilovich, E and Heitz, G},
  address   = {New York},
  publisher = {ACM},
  year      = {2014}
}

@article{article4,
  title   = {DBpedia - A Large-scale, Multilingual Knowledge Base Extracted from Wikipedia},
  author  = {Lehmann, J and Isele, R and Jakob, M},
  volume  = {6},
  number  = {2},
  pages   = {167--195},
  year    = {2015},
  journal = {Semantic Web}
}

@article{article5,
  title   = {XLORE2:large-scale cross-lingual knowledge graph construction and application},
  author  = {Jin, H and Li, C and Zhang, J},
  volume  = {1},
  number  = {1},
  pages   = {77--98},
  year    = {2019},
  journal = {Data Intelligence}
}

@book{book6,
  title     = {Zhishi.me},
  author    = {Xing, N and Sun, X and Wang, H},
  address   = {Berlin},
  publisher = {Springer Berlin Heidelberg},
  year      = {2011}
}

@inproceedings{inproceedings7,
  title     = {A natural language interface over the musicbrainz database},
  author    = {Granberg, J and Minock, M},
  booktitle = {Proceedings of the QALD-1 workshop,1st Workshop on Question Answering over Linked Data, Heraklion, Greece,30 May 2011},
  pages     = {38--43},
  year      = {2011}
}

@article{article8,
  title   = {Boutreux C.GeoNames},
  author  = {Wick, M},
  pages   = {3--8},
  year    = {2011},
  journal = {GeoNames Geographical Database}
} 

@article{article9,
  title   = {The Internet movie database: a reference guide to Hollywood and beyond},
  author  = {Weible, C},
  volume  = {6},
  number  = {2},
  pages   = {47--50},
  year    = {2011},
  journal = {Internet reference services quarterly}
}

@inproceedings{inproceedings10,
  title        = {DBLife: A Community Information Management Platform for the Database Research Community (Demo)},
  author       = {Derose,, P and Shen, W and Fei, C},
  booktitle    = {Proceedings of the third Biennial Conference on Innovative Data Systems Research, Asilomar,USA,Online Proceedings},
  pages        = {169--172},
  organization = {Online Proceedings},
  year         = {2007}
}

@mastersthesis{mastersthesis11,
  author  = {余晓鹏},
  title   = {服装知识图谱构建及嵌入研究},
  school  = {武汉纺织大学},
  address = {武汉},
  year    = 2022
}

@mastersthesis{mastersthesis12,
  author  = {李娜},
  title   = {基于知识图谱的问答系统的研究},
  school  = {电子科技大学},
  address = {四川},
  year    = 2021
}

@article{article13,
  title   = {BERT-TECNN 模型的文本分类方法研究},
  author  = {李铁飞 and 生龙 and 吴迪},
  volume  = {57},
  number  = {18},
  pages   = {186--193},
  year    = {2021},
  journal = {计算机工程与应用}
}

@article{article14,
  title   = {Long Short-Term Memory},
  author  = {Hochreiter, S and Schmidhuber, J},
  volume  = {9},
  number  = {8},
  pages   = {1735--1780},
  year    = {1997},
  journal = {Neural Computation}
}

@article{article15,
  title   = {The Internet movie database: a reference guide to Hollywood and beyond},
  author  = {Weible, C},
  volume  = {6},
  number  = {2},
  pages   = {47--50},
  year    = {2001},
  journal = {Internet reference services quarterly}
}

@mastersthesis{mastersthesis16,
  author  = {俞逸洋},
  title   = {基于服装服饰知识图谱的研究与应用},
  school  = {武汉纺织大学},
  address = {武汉},
  year    = 2022
}

@article{article17,
  title   = {基于个性化推荐的服装知识图谱构建},
  author  = {潘王蕾 and 何瑛},
  pages   = {2--5},
  year    = {2022},
  journal = {服装学报}
}

@inproceedings{inproceedings18,
  title     = {Analogical inference for multi-relational embeddings},
  author    = {Liu，H and Wu, Y and Yang, Y},
  booktitle = {Proceedings of the 2017 International Conference on Machine Learning. New York: ACM},
  pages     = {2168--2178},
  year      = {2017}
}

@inproceedings{inproceedings19,
  title     = {Interacte:Improving convolution-based knowledge graph  embeddings by increasing feature interactions},
  author    = {Vashisihth, S and Sanyal, S and Nitin, V},
  booktitle = {Proceedings of the 2020 AAAI Conference on Artificial Intelligence.New York:AAAI},
  volume    = {34},
  number    = {03},
  pages     = {3009--3016},
  year      = {2020}
}

@inproceedings{inproceedings20,
  title     = {Learning hierarchy-aware knowledge graph embeddings for link prediction},
  author    = {Zhang, Z and Cai, J and Zhang, Y},
  booktitle = {Proceedings of the 2020 AAAI Conference on Artificial Intelligence.New York:AAAI},
  volume    = {34},
  number    = {03},
  pages     = {3065--3072},
  year      = {2020}
}

@inproceedings{inproceedings21,
  title     = {Knowledge Graph Embedding with Atrous Convolution and Residual Learning},
  author    = {Ren, F and Li, J and Zhang, H},
  booktitle = {Proceedings of the 2020 International Conference on Computational Linguistics.New York:ACM},
  pages     = {1532--1543},
  year      = {2020}
}

@article{article22,
  title   = {Embedding entities and relations for learning and inference in knowledge bases},
  author  = {Yang, B and Yih, W and He, X},
  pages   = {1--5},
  year    = {2014},
  journal = {arXiv preprint arXiv:1412.6575}
}

@mastersthesis{mastersthesis23,
  author  = {申豪杰},
  title   = {基于知识图谱的电影知识问答系统研究与实现},
  school  = {重庆师范大学},
  address = {重庆},
  year    = 2019
}

@mastersthesis{mastersthesis24,
  author  = {李轩},
  title   = {基于知识图谱的教育领域知识问答系统的研究与应用},
  school  = {吉林大学},
  address = {长春},
  year    = 2019
}

@article{article25,
  title   = {知识图谱技术综述},
  author  = {徐增林 and 盛泳潘 and 贺丽荣},
  volume  = {45},
  number  = {4},
  pages   = {589--606},
  year    = {2016},
  journal = {电子科技大学学报}
}

@mastersthesis{mastersthesis26,
  author  = {魏力},
  title   = {基于知识图谱的风控模型的研究与实现},
  school  = {南京航空航天大学},
  address = {南京},
  year    = 2019
}

@article{article27,
  title   = {Ontology development 101: A guide to creating your first ontology},
  author  = {Noy, N and McGuinness, D},
  volume  = {17},
  number  = {2},
  pages   = {137--141},
  year    = {2001},
  journal = {And Stanford Medical Informatics}
}

@inproceedings{inproceedings28,
  title     = {Extracting a domain-specific ontology from a corporate intranet},
  author    = {Kietz, J and Volz, R and Maedche, A},
  booktitle = {Proceedings of the 2nd workshop on Learning Language in Logic and the 4th Conference on Computational Natural Language Learning-Volume},
  pages     = {167--175},
  year      = {2000}
}

@book{book29,
  title     = {服装形象设计},
  author    = {倪渑},
  publisher = {中国纺织出版社},
  address   = {北京},
  year      = {2012},
  pages     = {2--4}
}


@inproceedings{zhao2015bearing,
  title        = {Bearing-based formation stabilization with directed interaction topologies},
  author       = {Zhao, Shiyu and Zelazo, Daniel},
  booktitle    = {2015 54th IEEE Conference on Decision and Control (CDC)},
  pages        = {6115--6120},
  year         = {2015},
  organization = {IEEE}
}



@book{williams1991probability,
  title     = {Probability with martingales},
  author    = {Williams, D.},
  publisher = {Cambridge University Press},
  address   = {Cambridge},
  year      = {1991}
}

@book{chengzhaolin2006,
  title     = {线性系统理论},
  author    = {程兆林 and 马树萍},
  year      = {2006},
  address   = {北京},
  publisher = {科学出版社}
}

@book{zhangsan2007,
  title     = {线性系统},
  author    = {张三 and 李四 and 王五 and 赵六 and 钱七},
  year      = {2007},
  address   = {北京},
  publisher = {XX出版社},
  language  = {zh}
}


@article{cao2011formation,
  title     = {Formation control using range-only measurements},
  author    = {Cao, Ming and Yu, Changbin and Anderson, Brian DO},
  journal   = {Automatica},
  volume    = {47},
  number    = {4},
  pages     = {776--781},
  year      = {2011},
  publisher = {Elsevier}
}


@article{xue2015formation,
  title   = {具有时延及联合连通拓扑的多飞行器分布式协同编队飞行控制研究},
  author  = {薛瑞彬 and 宋建梅 and 张民强},
  journal = {兵工学报},
  volume  = {36},
  number  = {3},
  pages   = {492--502},
  year    = {2015}
}

@article{薛瑞彬2015具有时延及联合连通拓扑的多飞行器分布式协同编队飞行控制研究,
  title   = {具有时延及联合连通拓扑的多飞行器分布式协同编队飞行控制研究},
  author  = {薛瑞彬 and 宋建梅 and 张民强},
  journal = {兵工学报},
  volume  = {036},
  number  = {003},
  pages   = {492-502},
  year    = {2015}
}


@mastersthesis{lisi2015,
  author  = {李四},
  title   = {LTE 下行链路传输与信道估计技术},
  school  = {东南大学信息学院},
  address = {南京},
  year    = 2015
}

@phdthesis{wangwu2015,
  author  = {王五},
  title   = {LTE MIMO检测技术},
  school  = {东南大学信息学院},
  address = {南京},
  year    = 2015
}

@phdthesis{deans2005bearings,
  title   = {Bearings-only localization and mapping},
  author  = {Deans, Matthew C and Hebert, Martial},
  address = {XXX},
  year    = {2005},
  school  = {Citeseer}
}



@misc{irdawebsite,
  author    = {xxxx},
  title     = {Infrared Data Association(IrDA)},
  publisher = {Website},
  year      = {2021},
  url       = {http://www.irda.org/}
}

@online{h7n9,
  author     = {张乐},
  title      = {我科学家成功研发人感染H7N9禽流感病毒疫苗株},
  address    = {北京},
  publisher  = {人民网},
  year       = {2013},
  modifydate = {2013-10-27},
  url        = {http://society.people.com.cn/n/2013/1027/c1008-23337665.html},
  citedate   = {2013-10-27},
  langauge   = {zh}
}

@webpage{wikipedia_moores_law,
  title      = {{Moore's law}},
  author     = {{Wikipedia contributors}},
  publisher  = {Wikipedia, The Free Encyclopedia},
  year       = {2015},
  url        = {https://en.wikipedia.org/wiki/Moore%27s_law},
  modifydate = {2015/06/14},
  citedate   = {2015/06/15}
}



@patent{xiao2012yi,
  author   = {肖珍新},
  title    = {一种新型排渣阀调节降温装置},
  country  = {中国},
  date     = {2012年4月25日},
  patentid = {123456}
}

@patent{p6915001,
  author   = {Tachibana, R. and Shimizu, S.
              and Kobayshi, S. and Other Authors},
  title    = {Electronic watermarking method and system},
  country  = {US},
  patentid = {6,915,001},
  date     = {2002-04-25}
}

@newspaper{renminribao,
  editor    = {{人民日报编辑部}},
  title     = {人民日报},
  year      = {2011},
  volume    = {22892},
  address   = {北京},
  publisher = {人民日报出版社},
  language  = {zh}
}


@news{zhang2000,
  author  = {张田勤},
  title   = {罪犯DNA库与生命伦理学计划},
  journal = {大众科技报},
  date    = {2000-11-12}
}



@standard{gbt3469-1983,
  author   = {{中国科学技术情报研究所}},
  title    = {GB/T 3469-1983: 文献类型与文献载体代码},
  year     = {1983},
  language = {zh}
}

